<?xml version="1.0" encoding="UTF-8"?><collection xmlns="http://www.loc.gov/MARC21/slim"><record><leader>00511nam--2200193-i-4500</leader><controlfield tag="001">000015868</controlfield><controlfield tag="002">20161230</controlfield><controlfield tag="005">20161230201031</controlfield><controlfield tag="008">060222s1000------------r-----000-0-eng-d</controlfield><datafield ind1=" " ind2=" " tag="020"><subfield code="a">0306418479</subfield></datafield><datafield ind1=" " ind2=" " tag="040"><subfield code="a">IFIN-HH</subfield></datafield><datafield ind1=" " ind2=" " tag="080"><subfield code="a">539.186</subfield></datafield><datafield ind1="1" ind2=" " tag="100"><subfield code="a">Crasemann, Bernd</subfield></datafield><datafield ind1="1" ind2="0" tag="245"><subfield code="a">Atomic inner-shell physics</subfield><subfield code="c">Bernd crasemann (ed.)</subfield></datafield><datafield ind1=" " ind2=" " tag="260"><subfield code="a">New York</subfield><subfield code="b">Plenum Press</subfield><subfield code="c">1985</subfield></datafield><datafield ind1=" " ind2=" " tag="300"><subfield code="a">XVI + 754 P</subfield></datafield><datafield ind1=" " ind2=" " tag="490"><subfield code="a">Physics Of Atoms And Molecules</subfield></datafield><datafield ind1=" " ind2=" " tag="852"><subfield code="a">73934</subfield><subfield code="c">539.18</subfield></datafield><datafield ind1=" " ind2=" " tag="CAT"><subfield code="a">Sys</subfield><subfield code="c">20120711</subfield><subfield code="h">112230</subfield></datafield></record></collection>